% sources for methods
@article{collingwood2013rtexttools,
  title={RTextTools: A supervised learning package for text classification},
  author={Collingwood, Loren and Jurka, Timothy and Boydstun, Amber E and Grossman, Emiliano and van Atteveldt, WH and others},
  year={2013}
}

@article{mudde2004populist,
  title={The populist zeitgeist},
  author={Mudde, Cas},
  journal={Government and opposition},
  volume={39},
  number={4},
  pages={541--563},
  year={2004},
  publisher={Cambridge University Press}
}

@article{jones2004representation,
  title={Representation and agenda setting},
  author={Jones, Bryan D and Baumgartner, Frank R},
  journal={Policy Studies Journal},
  volume={32},
  number={1},
  pages={1--24},
  year={2004},
  publisher={Wiley Online Library}
}